<?xml version="1.0" encoding="UTF-8"?><collection xmlns="http://www.loc.gov/MARC21/slim"><record><leader>00615nam--2200193-i-4500</leader><controlfield tag="001">000019525</controlfield><controlfield tag="002">20161230</controlfield><controlfield tag="005">20161230201033</controlfield><controlfield tag="008">060222s1000------------r-----000-0-eng-d</controlfield><datafield ind1=" " ind2=" " tag="020"><subfield code="a">0851867618</subfield></datafield><datafield ind1=" " ind2=" " tag="040"><subfield code="a">IFIN-HH</subfield></datafield><datafield ind1=" " ind2=" " tag="080"><subfield code="a">539.124.143(047)</subfield></datafield><datafield ind1="1" ind2=" " tag="100"><subfield code="a">Norman, R.O.C</subfield></datafield><datafield ind1="1" ind2="0" tag="245"><subfield code="a">Electron spin resonance</subfield><subfield code="b">Volume 2 a review of the literature published between june 1972 and november 1973</subfield><subfield code="c">R.o.c. norman (senior reporter)</subfield></datafield><datafield ind1=" " ind2=" " tag="260"><subfield code="a">London</subfield><subfield code="b">The Chemical Society</subfield><subfield code="c">1974</subfield></datafield><datafield ind1=" " ind2=" " tag="300"><subfield code="a">X + 349 P</subfield></datafield><datafield ind1=" " ind2=" " tag="490"><subfield code="a">A Specialist Periodical Report</subfield></datafield><datafield ind1=" " ind2=" " tag="852"><subfield code="a">42446</subfield><subfield code="c">539.143.43</subfield></datafield><datafield ind1=" " ind2=" " tag="CAT"><subfield code="a">Sys</subfield><subfield code="c">20120509</subfield><subfield code="h">151935</subfield></datafield></record></collection>